<?xml version="1.0" encoding="UTF-8"?><collection xmlns="http://www.loc.gov/MARC21/slim"><record><leader>00564nam--2200205-u-4500</leader><controlfield tag="001">000050524</controlfield><controlfield tag="002">20161230</controlfield><controlfield tag="003">1290</controlfield><controlfield tag="005">20161230201048</controlfield><controlfield tag="008">070910s1000------------r-----000-0-eng-d</controlfield><datafield ind1=" " ind2=" " tag="040"><subfield code="a">IFIN-HH</subfield></datafield><datafield ind1=" " ind2=" " tag="041"><subfield code="a">rus</subfield></datafield><datafield ind1="1" ind2=" " tag="100"><subfield code="a">Shanin,N.A</subfield></datafield><datafield ind1="1" ind2="0" tag="245"><subfield code="a">O nekotoryh Logicheskih Problemah Arifmetiki</subfield></datafield><datafield ind1=" " ind2=" " tag="260"><subfield code="a">Moskva</subfield><subfield code="b">Izdatelstvo Akademii Nauk SSSR</subfield><subfield code="c">1955</subfield></datafield><datafield ind1=" " ind2=" " tag="300"><subfield code="a">111 p</subfield></datafield><datafield ind1=" " ind2=" " tag="490"><subfield code="a">Trydy Matematicheskogo Instituta Imeni B.A.Steklova</subfield><subfield code="v">Vol.XLIII</subfield></datafield><datafield ind1=" " ind2="4" tag="650"><subfield code="a">Logicheskih Problem Aritmetiki</subfield></datafield><datafield ind1=" " ind2=" " tag="852"><subfield code="c">51</subfield></datafield><datafield ind1=" " ind2=" " tag="CAT"><subfield code="a">Sys</subfield><subfield code="c">20070910</subfield><subfield code="h">114556</subfield></datafield></record></collection>